@misc{ ieee830,
    author = "IEEE",
	title = {IEEE-STD-830-1998 : ESPECIFICACIONES DE LOS REQUISITOS DEL
 SOFTWARE },
	url = {https://www.ctr.unican.es/asignaturas/is1/IEEE830_esp.pdf},
	note = "[Internet; Accedido 01-septiembre-2021]"
}

@misc{ importAS,
    author = {Android},
	title = {Migrate to Android Studio},
    year = "2021",
	url = {https://developer.android.com/studio/intro/migrate?hl=es#:~:text=Inicia%20Android%20Studio%20y%20haz,fin%20de%20importar%20tu%20proyecto.},
	note = "[Internet; Accedido 01-septiembre-2021]"
}

@misc{ androiddepend,
    author = {Android},
	title = {Add build dependencies},
    year = "2021",
	url = {https://developer.android.com/studio/build/dependencies},
	note = "[Internet; Accedido 01-septiembre-2021]"
}

@misc{ vscforrasp,
    author = {Microsoft},
	title = {Visual Studio Code on Raspberry Pi},
    year = "2021",
	url = {https://code.visualstudio.com/docs/setup/raspberry-pi},
	note = "[Internet; Accedido 01-septiembre-2021]"
}

@misc{ andsim,
    author = {Android},
	title = {C칩mo ejecutar apps en Android Emulator},
    year = "2021",
	url = {https://developer.android.com/studio/run/emulator?gclid=CjwKCAjwvuGJBhB1EiwACU1AiSCx33JkdXUSVonNIUl0uS0F5NL6-a5Izjwr5AVBDEqmQevQXqridBoC9FwQAvD_BwE&gclsrc=aw.ds},
	note = "[Internet; Accedido 01-septiembre-2021]"
}

@misc{ andusbdebug,
    author = {Android},
	title = {Configure on-device developer options},
    year = "2021",
	url = {https://developer.android.com/studio/debug/dev-options},
	note = "[Internet; Accedido 01-septiembre-2021]"
}

@misc{ pios,
    author = {Know How},
	title = {10 sistemas operativos para Raspberry Pi},
    year = "2020",
	url = {https://www.ionos.es/digitalguide/servidores/know-how/sistemas-operativos-para-raspberry-pi/},
	note = "[Internet; Accedido 01-septiembre-2021]"
}

@misc{ salariogob,
    author = {Gobierno de Espa침치},
	title = {Bases y tipos de cotizaci칩n 2021},
    year = "2021",
	url = {https://www.seg-social.es/wps/portal/wss/internet/Trabajadores/CotizacionRecaudacionTrabajadores/36537},
	note = "[Internet; Accedido 01-septiembre-2021]"
}

@misc{ irpfgob,
    author = {Agencia Tributaria},
	title = {Principales novedades tributarias introducidas por la Ley 11/2020, de Presupuestos Generales del Estado para 2021 (BOE de 31 de diciembre)},
    year = "2021",
	url = {https://www.agenciatributaria.es/AEAT.internet/Inicio/_componentes_/_Le_interesa_conocer/Historico/2021/Principales_novedades_tributarias_introducidas_por_la_Ley_11_2020__de_Presupuestos_Generales_del_Estado_para_2021__BOE_de_31_de_diciembre_.shtml},
	note = "[Internet; Accedido 01-septiembre-2021]"
}

@misc{ gnulicensecomp,
    author = {GNU},
	title = {Lista de licencias con comentarios},
    year = "2021",
	url = {https://www.gnu.org/licenses/license-list.es.html},
	note = "[Internet; Accedido 01-septiembre-2021]"
}

@article{ art:pricesmartphone,
  title={VALUE SHARE: Global Smartphone Revenue, ASP and Profit by Vendor by Price Tier : Q4 2017},
  author={Linda Sui},
  journal={Strategy Analytics},
  pages={41},
  year={2018},
  publisher={Strategy Analytics}
}
