

@book{ book:android,
		author    = {Robledo, David},
		title     = {Desarrollo de aplicaciones para Android I},
		publisher = {Ministerio de Educación, Cultura y Deporte},
		year      = {2016}
}

@misc{ androidvsworld,
       author = {Statcounter},
       title = {Operating System Market Share Worldwide - August 2021},
       year = {2021},
       url = {https://gs.statcounter.com/os-market-share#yearly-2009-2021},
       note = {[Internet; accedido 01-septiembre-2021]}
}

@misc{ pythonhistory,
       author = {Python Software Foundation},
       title = {Historia y licencia},
       year = {2021},
       url = {https://docs.python.org/3/license.html},
       note = {[Internet; accedido 01-septiembre-2021]}
}

@misc{ python,
       author = {Python Software Foundation},
       title = {Preguntas frecuentes generales sobre Python},
       year = {2021},
       url = {https://docs.python.org/es/3/faq/general.html#why-was-python-created-in-the-first-place},
       note = {[Internet; accedido 01-septiembre-2021]}
}

@misc{ pythonuse,
       author = {Robinson, David},
       title = {The Incredible Growth of Python},
       year = {2017},
       url = {https://stackoverflow.blog/2017/09/06/incredible-growth-python/},
       note = {[Internet; accedido 01-septiembre-2021]}
}

@misc{ domoticaCEDOM,
       author = {Asociación Española de Domótica e Inmótica - CEDOM},
       title = {Qué es Domótica},
       year = {2001},
       url = {http://www.cedom.es/sobre-domotica/que-es-domotica},
       note = {[Internet; accedido 01-septiembre-2021]}
}

@misc{ raspPi,
       author = {RASPBERRY PI FOUNDATION},
       title = {What is a Raspberry Pi?},
       year = {2021},
       url = {https://www.raspberrypi.org/help/what-%20is-a-raspberry-pi/},
       note = {[Internet; accedido 01-septiembre-2021]}
}

@article{ art:raspicomsuptiom,
  title={Power consumption of the Raspberry Pi: A comparative analysis},
  author={Girish Bekaroo, Aditya Santokhee},
  journal={2016 IEEE International Conference on Emerging Technologies and Innovative Business Practices for the Transformation of Societies (EmergiTech)},
  number={16450387},
  year={2016},
  publisher={IEEE}
}

